@manual{ap701,
title = {Versuchsanleitung zu Versuch Nr. 701 Reichweite von Alphastrahlung},
year = 2023,
organization = {Fakult√§t Physik, TU Dortmund},
}
